 @misc{assignment5-xyz-wikipedia, title={CIE 1931 color space}, url={https://en.wikipedia.org/wiki/CIE_1931_color_space}, journal={Wikipedia}, publisher={Wikimedia Foundation}, year={2022}, month={Jan}} 