@misc{color-chalk, title={Chalk white color}, url={https://www.color-name.com/chalk-white.color}, journal={color-name}} 

@misc{texture-copper, title={Brushed copper}, url={https://www.deviantart.com/manoluv/art/Brushed-Copper-125731913}, journal={DeviantArt}}

@misc{texture-chalk, title={ROCKSMOOTH0175 - free background texture - rock stone cliffs rocks}, url={https://dlpng.com/png/5924055}, journal={DLPNG}} 

@misc{color-copper, title={Copper / \#B87333 hex color code}, url={https://encycolorpedia.com/b87333}, journal={Encycolorpedia}} 

@misc{color-converter, title={Color converter}, url={https://www.nixsensor.com/free-color-converter/}, journal={Nix Sensor Ltd}, year={2020}, month={Oct}} 

@misc{color-gold, title={Gold Bar Color}, url={https://www.color-name.com/gold-bar.color}, journal={color-name}} 

@misc{texture-gold, title={15 free metallic gold textures}, url={https://www.behance.net/gallery/71992995/15-Free-Metallic-Gold-Textures}, journal={Behance}} 

@misc{texture-wood, title={無料で使える木目テクスチャ素材27選。デザインにあたたかみや品格を}, url={https://goworkship.com/magazine/wood-texture-pattern/}, journal={Workship MAGAZINE(ワークシップマガジン)}, year={2021}, month={Apr}} 

@misc{color-plastic, title={\#BBC4B3 hex color code}, url={https://encycolorpedia.com/bbc4b3}, journal={Encycolorpedia}} 

@misc{color-wood, title={HTML CSS color hex \#5c4033very dark brown}, url={https://www.htmlcsscolor.com/hex/5C4033}, journal={HEX color \#5C4033, Color name: Very Dark Brown, RGB(92,64,51), Windows: 3358812. - HTML CSS Color}} 

@misc{texture-plastic, title={Free plastic wrap texture mockup (PSD)}, url={https://unblast.com/free-plastic-wrap-texture-mockup-psd/}, journal={Unblast}, year={2020}, month={Jun}} 