 @misc{assignment6-ico-wikipedia, title={Regular icosahedron}, url={https://en.wikipedia.org/wiki/Regular_icosahedron#Cartesian_coordinates}, journal={Wikipedia}, publisher={Wikimedia Foundation}, year={2022}, month={Jan}} 